@misc{sourcemaking, title={Design Patterns and Refactoring}, url={https://sourcemaking.com/}, journal={SourceMaking}} 
